<record><leader>00000cas a2200000 a 4500</leader><controlfield tag="001">17653418</controlfield><controlfield tag="008">880321d18811883kyucr ne      0    0eng d</controlfield><datafield ind1=" " ind2=" " tag="010"><subfield code="a">sn 88061037 </subfield></datafield><datafield ind1=" " ind2=" " tag="040"><subfield code="a">KNP</subfield><subfield code="b">eng</subfield><subfield code="c">KNP</subfield><subfield code="d">OCL</subfield><subfield code="d">OCLCQ</subfield><subfield code="d">KYUBL</subfield><subfield code="d">OCLCQ</subfield><subfield code="d">OCLCF</subfield><subfield code="d">OCLCO</subfield></datafield><datafield ind1="1" ind2=" " tag="029"><subfield code="a">AU@</subfield><subfield code="b">000025807676</subfield></datafield><datafield ind1=" " ind2=" " tag="042"><subfield code="a">msc</subfield></datafield><datafield ind1=" " ind2=" " tag="043"><subfield code="a">n-us-ky</subfield></datafield><datafield ind1="0" ind2=" " tag="130"><subfield code="a">Democrat (Mount Sterling, Ky.)</subfield></datafield><datafield ind1="1" ind2="4" tag="245"><subfield code="a">The democrat.</subfield></datafield><datafield ind1=" " ind2=" " tag="260"><subfield code="a">Mount Sterling, Ky. :</subfield><subfield code="b">Theodore Stuart</subfield></datafield><datafield ind1=" " ind2=" " tag="300"><subfield code="a">v. :</subfield><subfield code="b">ill.</subfield></datafield><datafield ind1=" " ind2=" " tag="310"><subfield code="a">Semiweekly,</subfield><subfield code="b">Jan. 17-&lt;May 9, 1882&gt;</subfield></datafield><datafield ind1=" " ind2=" " tag="321"><subfield code="a">Weekly,</subfield><subfield code="b">Apr. 8, 1881-Jan. 13, 1882</subfield></datafield><datafield ind1="1" ind2=" " tag="362"><subfield code="a">Began in 1881; ceased in 1883.</subfield></datafield><datafield ind1=" " ind2=" " tag="588"><subfield code="a">Description based on: Vol. 4, no. 51 (Apr. 8, 1881).</subfield></datafield><datafield ind1=" " ind2="0" tag="651"><subfield code="a">Montgomery County (Ky.)</subfield><subfield code="v">Newspapers.</subfield></datafield><datafield ind1=" " ind2="0" tag="651"><subfield code="a">Mount Sterling (Ky.)</subfield><subfield code="v">Newspapers.</subfield></datafield><datafield ind1=" " ind2="7" tag="655"><subfield code="a">Newspapers.</subfield><subfield code="2">fast</subfield><subfield code="0">(OCoLC)fst01423814</subfield></datafield><datafield ind1=" " ind2="7" tag="651"><subfield code="a">Kentucky</subfield><subfield code="z">Montgomery County.</subfield><subfield code="2">fast</subfield><subfield code="0">(OCoLC)fst01220017</subfield></datafield><datafield ind1=" " ind2="7" tag="651"><subfield code="a">Kentucky</subfield><subfield code="z">Mount Sterling.</subfield><subfield code="2">fast</subfield><subfield code="0">(OCoLC)fst01220016</subfield></datafield><datafield ind1=" " ind2=" " tag="752"><subfield code="a">United States</subfield><subfield code="b">Kentucky</subfield><subfield code="c">Montgomery</subfield><subfield code="d">Mount Sterling.</subfield></datafield><datafield ind1="0" ind2="0" tag="780"><subfield code="t">Mt. Sterling democrat</subfield><subfield code="w">(DLC)sn 86069672</subfield></datafield><datafield ind1="0" ind2="7" tag="785"><subfield code="t">Mt. Sterling sentinel</subfield><subfield code="w">(DLC)sn 93058484</subfield><subfield code="w">(OCoLC)30770922</subfield></datafield><datafield ind1="0" ind2="7" tag="785"><subfield code="t">Daily sentinel-democrat</subfield><subfield code="w">(DLC)sn 86069674</subfield><subfield code="w">(OCoLC)15111365</subfield></datafield></record>